<?xml version="1.0" encoding="UTF-8"?><collection><record><leader>05891ntm a2200649 a 4500</leader><controlfield tag="001">006836597</controlfield><controlfield tag="003">MiAaHDL</controlfield><controlfield tag="005">20190719000000.0</controlfield><controlfield tag="006">m        d        </controlfield><controlfield tag="007">cr bn ---auaua</controlfield><controlfield tag="008">090708s1834    xx            00| ||per d</controlfield><datafield tag="035" ind1=" " ind2=" "><subfield code="a">(MiU)006836597</subfield></datafield><datafield tag="035" ind1=" " ind2=" "><subfield code="a">sdr-miu006836597</subfield></datafield><datafield tag="040" ind1=" " ind2=" "><subfield code="a">MiU</subfield><subfield code="c">MiU</subfield><subfield code="e">amremm</subfield></datafield><datafield tag="043" ind1=" " ind2=" "><subfield code="a">n-us-mi</subfield><subfield code="a">a-ir---</subfield><subfield code="a">ff-----</subfield><subfield code="a">aw-----</subfield><subfield code="a">e-sp---</subfield></datafield><datafield tag="100" ind1="1" ind2=" "><subfield code="6">880-01</subfield><subfield code="a">Mīr Khvānd, Muḥammad ibn Khāvandshāh,</subfield><subfield code="d">1433-1498.</subfield></datafield><datafield tag="240" ind1="1" ind2="0"><subfield code="6">880-02</subfield><subfield code="a">Rawz̤at al-ṣafāʼ.</subfield><subfield code="n">jild 8</subfield></datafield><datafield tag="245" ind1="1" ind2="0"><subfield code="6">880-03</subfield><subfield code="a">[Jild-i hashtum-i Rawz̤at al-ṣafā,</subfield><subfield code="f">1250, i.e. 1834].</subfield></datafield><datafield tag="246" ind1="3" ind2="8"><subfield code="a">Roozut ol Sufa 7</subfield></datafield><datafield tag="246" ind1="3" ind2=" "><subfield code="i">Title from colophon on p.164:</subfield><subfield code="a">جلد السابع روضة الصفا</subfield></datafield><datafield tag="246" ind1="3" ind2=" "><subfield code="i">Title from inscription on inner front flyleaf (p.1):</subfield><subfield code="a">دفتر هفتم روضه الصفا</subfield></datafield><datafield tag="260" ind1=" " ind2=" "><subfield code="c">[1834].</subfield></datafield><datafield tag="300" ind1=" " ind2=" "><subfield code="a">82 leaves :</subfield><subfield code="b">paper ;</subfield><subfield code="c">229 x 149 (155 x 94) mm. bound to 235 x 153 mm.</subfield></datafield><datafield tag="500" ind1=" " ind2=" "><subfield code="a">Shelfmark: Ann Arbor, University of Michigan, Special Collections Library, Isl. Ms. 860 v.7</subfield></datafield><datafield tag="500" ind1=" " ind2=" "><subfield code="a">Origin: As appears in colophon on p.164 (and inscription on inner front flyleaf, p.1), transcription completed 24 Rabīʻ I 1250 [ca. 31 July 1834]. Likely executed by copyist responsible for volumes 1, 3 and possibly 2 of this set, Sayyid Mihr ʻAlī Raz̤avī (سيد مهر على رضوى ).</subfield></datafield><datafield tag="500" ind1=" " ind2=" "><subfield code="a">Accompanying materials: a. Slip with note "counted for 1968/69 Annual Report" -- b. Slip with note "Persian MSS (Heyworth-Dunne?) with Meredith-Owens notes" -- c. Scrap with title and date in ink "Rawḍat al-Ṣafā | vol. 7 AH 1250"</subfield></datafield><datafield tag="500" ind1=" " ind2=" "><subfield code="a">Former shelfmark: Mich. Isl. Ms. temp. no. 9 v.7</subfield></datafield><datafield tag="500" ind1=" " ind2=" "><subfield code="a">Binding: Boards covered in light orange-brown leather decorated in "marbled calf" manner ; Western style binding ; pastedowns and flyleaves in light-blue surface-dyed wove paper ; spine in dark green and brown leather, gold-stamped with decorative bands and title "ROOZUT OL SUFA 7" ; edges of text block red-flecked ; sewn in white thread over three recessed cords ; Western style worked endbands, good condition ; overall in fair condition with minor abrasion and deterioration of leather, etc.</subfield></datafield><datafield tag="500" ind1=" " ind2=" "><subfield code="a">Support: non-European (likely Indian or Persian) laid paper with 8 laid lines per cm. (vertical, somewhat indistinct, curved) and rare chain lines faintly visible, fairly transluscent though sturdy, cream in color, well-burnished ; flyleaves in European wove paper.</subfield></datafield><datafield tag="500" ind1=" " ind2=" "><subfield code="a">Decoration: Keywords, headings and abbreviation symbols (mainly two-teeth strokes over certain keywords) rubricated ; written area surrounded by red double rule-border (except for pp.103-110, 115 to close) ; overlining in red.</subfield></datafield><datafield tag="500" ind1=" " ind2=" "><subfield code="a">Script: Nastaʻlīq with elements of shikastah ; large, fine hand in a thin line ; serifless with effect of words descending to baseline and tilt to the right, elongation of horizontal strokes, pointing casual and in strokes rather than distinct dots (for two and three dots).</subfield></datafield><datafield tag="500" ind1=" " ind2=" "><subfield code="a">Layout: Written in 13 lines per page ; frame-ruled.</subfield></datafield><datafield tag="500" ind1=" " ind2=" "><subfield code="a">Collation: ii, 9 IV(72), V (82), ii ; chiefly quaternions ; catchwords present ; foliation in black ink, Hindu-Arabic numerals ; pagination in pencil, Western numerals, supplied during digitization (includes inner flyleaves).</subfield></datafield><datafield tag="500" ind1=" " ind2=" "><subfield code="a">Colophon: "Scribal," rectangular, reads "تمت جلد السابع روضة الصفا بتاریخ بیست چهارم شهر ربیع الاول سنه ۱۲٥٠ هجری"</subfield></datafield><datafield tag="500" ind1=" " ind2=" "><subfield code="a">Incipit: "خاتمه در بدایع و صنایع و آنچه نکاشته کلک قدرت اوست ..."</subfield></datafield><datafield tag="500" ind1=" " ind2=" "><subfield code="a">Title supplied by cataloguer.</subfield></datafield><datafield tag="500" ind1=" " ind2=" "><subfield code="a">Ms. codex.</subfield></datafield><datafield tag="510" ind1="4" ind2=" "><subfield code="a">B. Forbes Manz &amp; A. Beveridge, "Mīrkhwānd," In EI2.</subfield></datafield><datafield tag="510" ind1="4" ind2=" "><subfield code="a">Ḥājjī Khalīfah. Kashf al-ẓunūn,</subfield><subfield code="c">1/926</subfield></datafield><datafield tag="510" ind1="4" ind2=" "><subfield code="a">Storey,</subfield><subfield code="c">i, 92-101, 1236</subfield></datafield><datafield tag="510" ind1="4" ind2=" "><subfield code="a">Cat. Pers. MSS. Brit. Mus.,</subfield><subfield code="c">p.93</subfield></datafield><datafield tag="520" ind1="8" ind2=" "><subfield code="a">Fine copy of the final (typically eighth) volume or Khātimah of the celebrated universal history Rawz̤at al-ṣafāʼ fī sīrat al-anbiyāʼ va al-mulūk va al-khulafāʼ by the Tīmūrid historian Muḥammad ibn Khvāndshāh Mīr Khvānd (d.1498) and completed by his nephew Ghiyās̲ al-Dīn Khvāndamīr (d.1535). Appears to lack the closing panegyric for Mīr ʻAlī Shīr Navāʼī (Ali Şir Nevai, d.1501). Apparently when the set of manuscripts now comprising Isl. Ms. 860 v.1-v.8 was compiled, this manuscript was mistaken for a copy of the section of the work addressing Sulṭān Ḥusayn Bāyqarā and his sons to 929 [1522-3] (typically found in the seventh volume). Title in colophon and an inscription on the inner front flyleaf (p.1) providing the title, contents, etc. identifies this as the seventh volume but the contents (even as described) are clearly that of the Khātimah or what is typically the eighth volume.</subfield></datafield><datafield tag="538" ind1=" " ind2=" "><subfield code="a">Mode of access: Internet.</subfield></datafield><datafield tag="541" ind1=" " ind2=" "><subfield code="c">Gift ;</subfield><subfield code="a">Acquired from Frank E. Nuttall (1875-1943).</subfield></datafield><datafield tag="546" ind1=" " ind2=" "><subfield code="a">Persian.</subfield></datafield><datafield tag="561" ind1=" " ind2=" "><subfield code="a">On inner front flyleaf (p.1), inscription with title, hand, paper, contents for this volume, and date of transcription ; relatively clean copy.</subfield></datafield><datafield tag="650" ind1=" " ind2="0"><subfield code="a">Manuscripts, Persian</subfield><subfield code="z">Michigan</subfield><subfield code="z">Ann Arbor.</subfield></datafield><datafield tag="650" ind1=" " ind2="0"><subfield code="a">Geography</subfield><subfield code="v">Early works to 1800.</subfield></datafield><datafield tag="650" ind1=" " ind2="0"><subfield code="a">World history</subfield><subfield code="v">Early works to 1800.</subfield></datafield><datafield tag="651" ind1=" " ind2="0"><subfield code="a">Iran</subfield><subfield code="x">History</subfield><subfield code="v">Early works to 1800.</subfield></datafield><datafield tag="700" ind1="1" ind2=" "><subfield code="a">Nuttall, Frank E.,</subfield><subfield code="d">1875-1943,</subfield><subfield code="e">former owner.</subfield></datafield><datafield tag="700" ind1="0" ind2=" "><subfield code="6">880-05</subfield><subfield code="a">Mihr ʻAlī Raz̤avī,</subfield><subfield code="d">fl. 1825,</subfield><subfield code="e">scribe.</subfield></datafield><datafield tag="773" ind1="0" ind2=" "><subfield code="a">F. E. Nuttall Collection.</subfield></datafield><datafield tag="880" ind1="0" ind2=" "><subfield code="6">700-05/</subfield><subfield code="a">مهر على رضوى,</subfield><subfield code="e">ناسخ.</subfield></datafield><datafield tag="880" ind1="1" ind2="0"><subfield code="6">245-03/</subfield><subfield code="a">[جلد هشتم روضة الصفا,</subfield><subfield code="f">1250ه, 1834م].</subfield></datafield><datafield tag="880" ind1="1" ind2="0"><subfield code="6">240-02/</subfield><subfield code="a">روضة الصفا.</subfield><subfield code="n">جلد 8</subfield></datafield><datafield tag="880" ind1="1" ind2=" "><subfield code="6">100-01/</subfield><subfield code="a">مير جواند، محمد بن جواندشاه.</subfield></datafield><datafield tag="CID" ind1=" " ind2=" "><subfield code="a">006836597</subfield></datafield><datafield tag="DAT" ind1="0" ind2=" "><subfield code="a">20190719102641.0</subfield><subfield code="b">20190719000000.0</subfield></datafield><datafield tag="DAT" ind1="1" ind2=" "><subfield code="a">20190719090653.0</subfield><subfield code="b">2019-07-19T16:10:30Z</subfield></datafield><datafield tag="DAT" ind1="2" ind2=" "><subfield code="a">2015-10-10T18:00:06Z</subfield></datafield><datafield tag="CAT" ind1=" " ind2=" "><subfield code="a">SDR-MIU</subfield><subfield code="d">EX LIBRIS - ALEPH</subfield><subfield code="l">prepare.pl-004-008</subfield></datafield><datafield tag="FMT" ind1=" " ind2=" "><subfield code="a">BK</subfield></datafield><datafield tag="HOL" ind1=" " ind2=" "><subfield code="0">sdr-miu006836597</subfield><subfield code="a">MiU</subfield><subfield code="b">SDR</subfield><subfield code="c">MIU</subfield><subfield code="p">mdp.39015079132364</subfield><subfield code="s">MIU</subfield><subfield code="1">006836597</subfield></datafield><datafield tag="974" ind1=" " ind2=" "><subfield code="b">MIU</subfield><subfield code="c">MIU</subfield><subfield code="d">20190719</subfield><subfield code="s">lit-dlps-dc</subfield><subfield code="u">mdp.39015079132364</subfield><subfield code="y">1834</subfield><subfield code="r">pd</subfield><subfield code="q">bib</subfield><subfield code="t">non-US bib date1 &lt; 1896</subfield></datafield></record></collection>